<record><leader>00000cas a2200000 a 4500</leader><controlfield tag="001">12735401</controlfield><controlfield tag="007">hd afb---buuu</controlfield><controlfield tag="008">851029d18651866ncudr n a     0    0eng c</controlfield><datafield ind1=" " ind2=" " tag="010"><subfield code="a">  2010229751</subfield></datafield><datafield ind1=" " ind2=" " tag="040"><subfield code="a">EWF</subfield><subfield code="b">eng</subfield><subfield code="c">EWF</subfield><subfield code="d">OCLCQ</subfield><subfield code="d">FUG</subfield><subfield code="d">OCLCQ</subfield><subfield code="d">OCLCF</subfield><subfield code="d">OCLCO</subfield><subfield code="d">OCLCQ</subfield></datafield><datafield ind1=" " ind2=" " tag="042"><subfield code="a">pcc</subfield></datafield><datafield ind1=" " ind2=" " tag="043"><subfield code="a">n-us-nc</subfield></datafield><datafield ind1="0" ind2=" " tag="130"><subfield code="a">Daily Wilmington herald (Wilmington, N.C. : 1865)</subfield></datafield><datafield ind1="1" ind2="4" tag="245"><subfield code="a">The Daily Wilmington herald.</subfield></datafield><datafield ind1="1" ind2="3" tag="246"><subfield code="a">Wilmington herald</subfield><subfield code="f">&lt;Sept. 11-15, 1865&gt;</subfield></datafield><datafield ind1=" " ind2=" " tag="260"><subfield code="a">Wilmington, N.C. :</subfield><subfield code="b">Thomas M. Cook &amp; Co.</subfield></datafield><datafield ind1=" " ind2=" " tag="300"><subfield code="a">volumes ;</subfield><subfield code="c">54 cm</subfield></datafield><datafield ind1=" " ind2=" " tag="310"><subfield code="a">Daily (except Sun.)</subfield></datafield><datafield ind1=" " ind2=" " tag="336"><subfield code="a">text</subfield><subfield code="b">txt</subfield><subfield code="2">rdacontent</subfield></datafield><datafield ind1=" " ind2=" " tag="337"><subfield code="a">microform</subfield><subfield code="b">h</subfield><subfield code="2">rdamedia</subfield></datafield><datafield ind1=" " ind2=" " tag="338"><subfield code="a">microfilm reel</subfield><subfield code="b">hd</subfield><subfield code="2">rdacarrier</subfield></datafield><datafield ind1="1" ind2=" " tag="362"><subfield code="a">Began in 1865.</subfield><subfield code="z">Cf. Gregory, W. Amer. newspapers.</subfield></datafield><datafield ind1="1" ind2=" " tag="362"><subfield code="a">Ceased in 1866.</subfield><subfield code="z">Cf. Union list of N.C. newspapers, 1963.</subfield></datafield><datafield ind1=" " ind2=" " tag="500"><subfield code="a">Sometimes published as: Wilmington herald &lt;Sept. 11-15, 1865&gt;.</subfield></datafield><datafield ind1=" " ind2=" " tag="525"><subfield code="a">Supplements accompany some numbers.</subfield></datafield><datafield ind1=" " ind2=" " tag="533"><subfield code="a">Microfilm.</subfield><subfield code="e">5 microfilm reels ; 35 mm.</subfield></datafield><datafield ind1=" " ind2="0" tag="651"><subfield code="a">Wilmington (N.C.)</subfield><subfield code="v">Newspapers.</subfield></datafield><datafield ind1=" " ind2="7" tag="651"><subfield code="a">North Carolina</subfield><subfield code="z">Wilmington.</subfield><subfield code="2">fast</subfield><subfield code="0">(OCoLC)fst01210117</subfield></datafield><datafield ind1=" " ind2="7" tag="655"><subfield code="a">Newspapers.</subfield><subfield code="2">fast</subfield><subfield code="0">(OCoLC)fst01423814</subfield></datafield><datafield ind1=" " ind2=" " tag="752"><subfield code="a">United States</subfield><subfield code="b">North Carolina</subfield><subfield code="c">New Hanover</subfield><subfield code="d">Wilmington.</subfield></datafield><datafield ind1="1" ind2=" " tag="776"><subfield code="c">Original</subfield><subfield code="w">(OCoLC)25141682</subfield></datafield><datafield ind1="0" ind2="0" tag="780"><subfield code="t">Wilmington herald</subfield><subfield code="w">(OCoLC)36578028</subfield></datafield></record>